<collection xmlns="http://www.loc.gov/MARC21/slim">
<record>
  <leader>00360na 0a22001091i 450 </leader>
  <controlfield tag="001">IT\ICCU\CNCE\073623</controlfield>
  <controlfield tag="005">20130405000000.0</controlfield>
  <datafield tag="100" ind1=" " ind2=" ">
    <subfield code="a">20081210             0itac0103    ba</subfield>
  </datafield>
  <datafield tag="200" ind1="1" ind2=" ">
    <subfield code="a">Commedia spirituale di Cleofas e Luca</subfield>
  </datafield>
  <datafield tag="702" ind1=" " ind2="1">
    <subfield code="a">Tregiani,</subfield>
    <subfield code="b">Domenico</subfield>
    <subfield code="3">IT\ICCU\CNCA\006889</subfield>
  </datafield>
  <datafield tag="790" ind1=" " ind2="0">
    <subfield code="a">Desioso insipido</subfield>
    <subfield code="3">IT\ICCU\CNCA\006890</subfield>
    <subfield code="z">Tregiani, Domenico</subfield>
  </datafield>
  <datafield tag="801" ind1=" " ind2="3">
    <subfield code="a">IT</subfield>
    <subfield code="b">ICCU</subfield>
    <subfield code="c">20201115</subfield>
  </datafield>
</record>
</collection>
